@misc{repo,
	author={Luka Šimek (lsimek2)},
	title={nbp-projekt},
	year={2024},
	publisher={GitHub},
	journal={GitHub repository},
	url={https://github.com/lsimek2/nbp-projekt},
	commit={85789573489shjsfadhdfaj}
}

@manual{docs:ast,
	title={ast -- Abstract Syntax Trees},
	organization={Python Software Foundation},
	url={https://docs.python.org/3/library/ast.html},
	urldate={2024-05-14}
}

@manual{docs:symtable,
	title={symtable — Access to the compiler’s symbol tables},
	organization={Python Software Foundation},
	url={https://docs.python.org/3/library/symtable.html},
	urldate={2024-05-25}
}

@manual{docs:gts,
	author={Thomas Kluyver},
	title={Green Tree Snakes - the missing Python AST docs},
	year={2012},
	url={https://greentreesnakes.readthedocs.io},
	urldate={2024-05-19},
}

@misc{ast_u_c,
	author={Python Software Foundation},
	title={Python-ast.c},
	year={2024},
	url={https://github.com/python/cpython/blob/main/Python/Python-ast.c},
	urldate={2024-06-06},
	commit={68fbc00}
}

@misc{docs:pyclbr,
	title={pyclbr — Python module browser support},
	organization={Python Software Foundation},
	year={2024},
	url={https://docs.python.org/3/library/pyclbr.html},
	urldate={2024-06-06},
}

@misc{repo:pyan,
	author={David Fraser},
	title={pyan},
	year={2011-2021},
	url={https://github.com/davidfraser/pyan/},
	urldate={2024-06-06},
	commit={1df66ce}
}

@manual{neo4j:params,
	author={Neo4j},
	title={Parameters},
	url={https://neo4j.com/docs/cypher-manual/current/syntax/parameters/},
	urldate={2024-06-08}
}

@manual{neo4j:performance,
	author={Neo4j},
	title={Performance recommendations},
	url={https://neo4j.com/docs/python-manual/current/performance/},
	urldate={2024-06-08}
}

